@book{koza92,
  author    = {Koza, John R.},
  title     = {Genetic Programming: On the Programming of Computers by Means of Natural Selection},
  publisher = {MIT Press},
  year      = {1992}
}

@misc{wiki:latex,
  author = {Wikipedia},
  title  = {LaTeX --- Wikipedia{,} La enciclopedia libre},
  year   = {2015},
  url    = {\url{https://es.wikipedia.org/w/index.php?title=LaTeX&oldid=84209252}},
  note   = {[Internet; descargado 30-septiembre-2015]}
}

@online{numpydoc,
  author  = {NumPy Contributors},
  title   = {NumPy Documentation},
  year    = {Latest},
  url     = {\url{https://numpydoc.readthedocs.io/en/latest}},
  urldate = {30 de junio de 2023}
}


@misc{sphinx:docpages,
  title        = {Sphinx documentation},
  author       = {Sphinx},
  howpublished = {\url{https://www.sphinx-doc.org}},
  note         = {Accessed: 30 de junio de 2023}
}

@misc{pyment:docpages,
  title        = {Pyment: the docstrings manager (creator/converter)},
  author       = {dadadel},
  howpublished = {\url{https://github.com/dadadel/pyment/blob/master/doc/sphinx/source/pyment.rst}},
  note         = {Accessed: 30 de junio de 2023}
}

@article{Seto-Rey20231,
  author            = {Seto-Rey, Daniel and Santos-Martin, Jose Ignacio and Lopez-Nozal, Carlos},
  title             = {Vulnerability of Package Dependency Networks},
  year              = {2023},
  journal           = {IEEE Transactions on Network Science and Engineering},
  pages             = {1–13},
  doi               = {10.1109/TNSE.2023.3260880},
  url               = {\url{https://www.scopus.com/inward/record.uri?eid=2-s2.0-85151539143&doi=10.1109%2fTNSE.2023.3260880&partnerID=40&md5=6686d56d005172f6027d6e3d9c36fd4a}},
  type              = {Article},
  publication_stage = {Article in press},
  source            = {Scopus}
}

@dataset{jeremy_katz_2020_3626071,
  author    = {Jeremy Katz},
  title     = {{Libraries.io Open Source Repository and Dependency Metadata}},
  month     = jan,
  year      = 2020,
  publisher = {Zenodo},
  version   = {1.6.0},
  doi       = {10.5281/zenodo.3626071},
  url       = {\url{https://doi.org/10.5281/zenodo.3626071}}
}

@dataset{daniel_alonso_bascones_2023_8095863,
  author    = {Daniel Alonso Báscones},
  title     = {{Dependency networks of PyPI, npm, CRAN and Bioconductor repositories}},
  month     = jun,
  year      = 2023,
  publisher = {Zenodo},
  version   = 1,
  doi       = {10.5281/zenodo.8095863},
  url      

 = {\url{https://doi.org/10.5281/zenodo.8095863}}
}

@misc{olivia_finder_docpages,
  author  = {Daniel Alonso Báscones},
  title   = {Olivia Finder Documentation},
  year    = {2023},
  url     = {\url{https://dab0012.github.io/olivia-finder}},
  urldate = {2023}
}

@online{kickstarter,
  title   = {Kickstarter},
  year    = {2023},
  url     = {\url{https://www.kickstarter.com/?lang=es}},
  urldate = {4 de junio de 2023},
  author  = {Kickstarter}
}

@online{indiegogo,
  title   = {Indiegogo},
  year    = {última actualización},
  url     = {\url{https://www.indiegogo.com/}},
  urldate = {4 de junio de 2023},
  author  = {Indiegogo}
}

@misc{enwiki:1152945138,
  author = {{Wikipedia contributors}},
  title  = {MIT License --- {Wikipedia}{,} The Free Encyclopedia},
  year   = {2023},
  url    = {\url{https://en.wikipedia.org/w/index.php?title=MIT_License&oldid=1152945138}},
  note   = {[Online; accessed 4-July-2023]}
}

@misc{enwiki:1161291260,
  author = {{Wikipedia contributors}},
  title  = {Creative Commons license --- {Wikipedia}{,} The Free Encyclopedia},
  year   = {2023},
  url    = {\url{https://en.wikipedia.org/w/index.php?title=Creative_Commons_license&oldid=1161291260}},
  note   = {[Online; accessed 4-July-2023]}
}

@misc{enwiki:1148363387,
  author = {{Wikipedia contributors}},
  title  = {Bow-tie diagram --- {Wikipedia}{,} The Free Encyclopedia},
  year   = {2023},
  url    = {\url{https://en.wikipedia.org/w/index.php?title=Bow-tie_diagram&oldid=1148363387}},
  note   = {[Online; accessed 2-July-2023]}
}

@article{Broder2000309,
  title    = {Graph structure in the Web},
  journal  = {Computer Networks},
  volume   = {33},
  number   = {1},
  pages    = {309-320},
  year     = {2000},
  issn     = {1389-1286},
  doi      = {\url{https://doi.org/10.1016/S1389-1286(00)00083-9}},
  url      = {\url{https://www.sciencedirect.com/science/article/pii/S1389128600000839}},
  author   = {Andrei Broder and Ravi Kumar and Farzin Maghoul and Prabhakar Raghavan and Sridhar Rajagopalan and Raymie Stata and Andrew Tomkins and Janet Wiener},
  keywords = {Graph structure, Diameter, Web measurement},
  abstract = {The study of the Web as a graph is not only fascinating in its own right, but also yields valuable insight into Web algorithms for crawling, searching and community discovery, and the sociological phenomena which characterize its evolution. We report on experiments on local and global properties of the Web graph using two AltaVista crawls each with over 

200 million pages and 1.5 billion links. Our study indicates that the macroscopic structure of the Web is considerably more intricate than suggested by earlier experiments on a smaller scale.}
}